<record><leader>00000cas a22000007a 4500</leader><controlfield tag="001">13035872</controlfield><controlfield tag="008">860117u18uuuuuualuuu ne      0    0eng d</controlfield><datafield ind1=" " ind2=" " tag="010"><subfield code="a">sn 86050025 </subfield></datafield><datafield ind1=" " ind2=" " tag="040"><subfield code="a">CPN</subfield><subfield code="b">eng</subfield><subfield code="c">CPN</subfield><subfield code="d">OCLCQ</subfield></datafield><datafield ind1=" " ind2=" " tag="042"><subfield code="a">msc</subfield></datafield><datafield ind1="0" ind2="0" tag="245"><subfield code="a">Carnival gossip.</subfield></datafield><datafield ind1=" " ind2=" " tag="260"><subfield code="a">Mobile, Ala. :</subfield><subfield code="b">Hawes &amp; Co.</subfield></datafield><datafield ind1=" " ind2=" " tag="300"><subfield code="a">v. :</subfield><subfield code="b">ill. ;</subfield><subfield code="c">54 cm.</subfield></datafield><datafield ind1=" " ind2=" " tag="500"><subfield code="a">Editor: T.C. DeLeon, &lt;1906&gt;.</subfield></datafield><datafield ind1=" " ind2=" " tag="588"><subfield code="a">Description based on: Vol. 33, no. 4 (Feb. 1906).</subfield></datafield><datafield ind1=" " ind2=" " tag="752"><subfield code="a">United States</subfield><subfield code="b">Alabama</subfield><subfield code="c">Mobile</subfield><subfield code="d">Mobile.</subfield></datafield><datafield ind1="1" ind2=" " tag="029"><subfield code="a">AU@</subfield><subfield code="b">000025837225</subfield></datafield></record>